<?xml version="1.0" encoding="UTF-8"?><collection xmlns="http://www.loc.gov/MARC21/slim"><record><leader>00541nam--2200181-i-4500</leader><controlfield tag="001">000010633</controlfield><controlfield tag="002">20161230</controlfield><controlfield tag="005">20161230201028</controlfield><controlfield tag="008">060222s1000------------r-----000-0-eng-d</controlfield><datafield ind1=" " ind2=" " tag="040"><subfield code="a">IFIN-HH</subfield></datafield><datafield ind1=" " ind2=" " tag="080"><subfield code="a">539.143.43:517.512.2</subfield></datafield><datafield ind1="1" ind2=" " tag="100"><subfield code="a">Farrar, Thomas C</subfield></datafield><datafield ind1="1" ind2="0" tag="245"><subfield code="a">Pulse and fourier transform nmr. introduction to theory and methods</subfield><subfield code="c">Thomas c. farrar, edwin d. becker</subfield></datafield><datafield ind1=" " ind2=" " tag="260"><subfield code="a">New York</subfield><subfield code="b">Academic Press</subfield><subfield code="c">1971</subfield></datafield><datafield ind1=" " ind2=" " tag="300"><subfield code="a">XIV + 115 P</subfield></datafield><datafield ind1="1" ind2=" " tag="700"><subfield code="a">Becker, Edwin D</subfield></datafield><datafield ind1=" " ind2=" " tag="852"><subfield code="a">38451</subfield><subfield code="c">539.143.43</subfield></datafield><datafield ind1=" " ind2=" " tag="CAT"><subfield code="a">Sys</subfield><subfield code="c">20120508</subfield><subfield code="h">135023</subfield></datafield></record></collection>